@book{Wettl04,
  author    = {Ferenc Wettl and Gyula Mayer and Péter Szabó},
  publisher = {Panem Könyvkiadó},
  title     = {\LaTeX~kézikönyv},
  year      = {2004},
}

@article{Candy86,
  author       = {James C. Candy},
  journaltitle = {{IEEE} Trans.\ on Communications},
  month        = {01},
  note         = {\doi{10.1109/TCOM.1986.1096432}},
  number       = {1},
  pages        = {72--76},
  title        = {Decimation for Sigma Delta Modulation},
  volume       = {34},
  year         = {1986},
}

@article{Utting12,
  author          = {M. Utting, A. Pretschner, B. Legeard},
  title           = {A taxonomy of model-based testing aproaches},
  year            = {2012},
  pages           = {297--312}
}


@manual{Istqb,
  title        = {Foundation Level Certified Model-Based Tester Syllabus},
  author       = {Stephan Christmann},
  organization = {Internation Software Tesing Qualification Board},
  note         = {\url{https://www.cstqb.cn/Filedown.aspx?fileid=2032}},
  year         = {2015},
}

@manual{mbse_wiki,
  author       = {Object Management Group},
  title        = {MBSE Wiki},
  note         = {\url{https://www.omgwiki.org/MBSE/doku.php}},
  year         = {2022},
}

@inproceedings{Lee87,
  author    = {Wai L. Lee and Charles G. Sodini},
  booktitle = {Proc.\ of the IEEE International Symposium on Circuits and Systems},
  location  = {Philadelphia, PA, USA},
  month     = {05~4--7},
  pages     = {459--462},
  title     = {A Topology for Higher Order Interpolative Coders},
  vol       = {2},
  year      = {1987},
}

@misc{SwSv,
  author       = {Zoltan Micskei Istvan Majzik},
  title        = {Model-based test generation},
  howpublished = {\url{https://inf.mit.bme.hu/sites/default/files/materials/category/kateg%C3%B3ria/education/software-and-systems-verification/19/08-SWSV-model-based-test-generation.pdf}},
}

@incollection{Mkrtychev:1997,
  author    = {Mkrtychev, Alexey},
  booktitle = {Logical Foundations of Computer Science},
  doi       = {10.1007/3-540-63045-7_27},
  editor    = {Adian, Sergei and Nerode, Anil},
  isbn      = {978-3-540-63045-6},
  pages     = {266-275},
  publisher = {Springer Berlin Heidelberg},
  series    = {Lecture Notes in Computer Science},
  title     = {Models for the logic of proofs},
  url       = {http://dx.doi.org/10.1007/3-540-63045-7_27},
  volume    = {1234},
  year      = {1997},
}

@inproceedings{molnar2018gamma,
    author = {Vince Moln{\'{a}}r and
              Bence Graics and
              Andr{\'{a}}s V{\"{o}}r{\"{o}}s and
              Istv{\'{a}}n Majzik and
              D{\'{a}}niel Varr{\'{o}}},
    title = {The {Gamma Statechart Composition Framework}: design, verification and code generation for component-based reactive systems},
    booktitle = {Proceedings of the 40th International Conference on Software Engineering: Companion Proceeedings},
    pages = {113--116},
    year = {2018},
    publisher = {ACM},
    doi = {10.1145/3183440.3183489}
}